<record><leader>00000cas a2200000 a 4500</leader><controlfield tag="001">14913712</controlfield><controlfield tag="008">861202d19861991vaudr n       0    0eng c</controlfield><datafield ind1=" " ind2=" " tag="010"><subfield code="a">sn 94059401 </subfield></datafield><datafield ind1=" " ind2=" " tag="040"><subfield code="a">VLY</subfield><subfield code="b">eng</subfield><subfield code="c">VLY</subfield><subfield code="d">OCL</subfield><subfield code="d">NYS</subfield><subfield code="d">NVK</subfield><subfield code="d">DLC</subfield><subfield code="d">OCLCQ</subfield><subfield code="d">OCLCF</subfield><subfield code="d">OCLCO</subfield></datafield><datafield ind1="1" ind2=" " tag="029"><subfield code="a">AU@</subfield><subfield code="b">000022300067</subfield></datafield><datafield ind1=" " ind2=" " tag="042"><subfield code="a">pcc</subfield></datafield><datafield ind1=" " ind2=" " tag="043"><subfield code="a">n-us-va</subfield></datafield><datafield ind1="0" ind2="0" tag="050"><subfield code="a">Newspaper</subfield></datafield><datafield ind1="0" ind2="4" tag="082"><subfield code="a">070</subfield></datafield><datafield ind1="0" ind2="4" tag="245"><subfield code="a">The News &amp; daily advance.</subfield></datafield><datafield ind1="3" ind2="0" tag="246"><subfield code="a">News and daily advance</subfield></datafield><datafield ind1=" " ind2=" " tag="260"><subfield code="a">Lynchburg, Va. :</subfield><subfield code="b">Carter Glass &amp; Sons,</subfield><subfield code="c">1986-1991.</subfield></datafield><datafield ind1=" " ind2=" " tag="300"><subfield code="a">v. :</subfield><subfield code="b">ill. ;</subfield><subfield code="c">58 cm.</subfield></datafield><datafield ind1=" " ind2=" " tag="310"><subfield code="a">Daily</subfield></datafield><datafield ind1="0" ind2=" " tag="362"><subfield code="a">Vol. 121, no. 106 (June 2, 1986)- v. 126, no. 183 (July 2, 1991).</subfield></datafield><datafield ind1=" " ind2=" " tag="500"><subfield code="a">Publisher: Carter Glass Newspapers, Inc., &lt;1986&gt; ; T. George Washington, &lt;1987&gt; ; Worrell Enterprises, Inc., &lt;1987-</subfield></datafield><datafield ind1=" " ind2=" " tag="500"><subfield code="a">Editor: 1986- William C. Cline.</subfield></datafield><datafield ind1=" " ind2=" " tag="530"><subfield code="a">Also issued on microfilm from Bell &amp; Howell, Micro Photo Div. ; Cumberland Micrographics Inc., Tazewell, Va. ; Tri-data, Inc., W. Va.</subfield></datafield><datafield ind1=" " ind2="0" tag="651"><subfield code="a">Lynchburg (Va.)</subfield><subfield code="v">Newspapers.</subfield></datafield><datafield ind1=" " ind2="7" tag="655"><subfield code="a">Newspapers.</subfield><subfield code="2">fast</subfield><subfield code="0">(OCoLC)fst01423814</subfield></datafield><datafield ind1=" " ind2="7" tag="651"><subfield code="a">Virginia</subfield><subfield code="z">Lynchburg.</subfield><subfield code="2">fast</subfield><subfield code="0">(OCoLC)fst01207740</subfield></datafield><datafield ind1="0" ind2=" " tag="776"><subfield code="t">News &amp; daily advance (Lynchburg, Va : 1986)</subfield><subfield code="w">(OCoLC)14987830</subfield></datafield><datafield ind1="0" ind2="4" tag="780"><subfield code="t">News (Lynchburg, Va. : 1894 : Daily)</subfield><subfield code="w">(DLC)sn 86071661</subfield><subfield code="w">(OCoLC)13777502</subfield></datafield><datafield ind1="0" ind2="4" tag="780"><subfield code="t">Daily advance (Lynchburg, Va. : 1927)</subfield><subfield code="w">(DLC)sn 91066507</subfield><subfield code="w">(OCoLC)23667310</subfield></datafield><datafield ind1="0" ind2="0" tag="785"><subfield code="t">News &amp; advance</subfield><subfield code="w">(DLC)sn 94059405</subfield></datafield></record>